%============================
% Referências utilizadas
%============================

%--- 
% Para mais informações:
% abntex2 e http://www.bibtex.org/
%---

%%%%%%%%%%%%%%%%%%%%%%%%%%%%%%%%%%%%%%
 @misc{colonialImpep_2019, 
    title= {A Trajetória histórica da violência de gênero no Brasil}, 
    url={https://periodicos.ufes.br/abepss/article/view/22410}, 
    author={Viviane Isabela Rodrigues}, 
    year= {2019}, 
    month= {Maio},
    urlaccessdate = {23 abr 2024}
} 

 @misc{repvelha_2018, 
    title= {Emancipação Feminina na República Velha}, 
    url={https://www.cadernosuninter.com/index.php/humanidades/article/view/825}, 
    author={Karen Freme Duarte Sturzenegger}, 
    year= {2018}, 
    month= {Jul},
    urlaccessdate = {23 abr 2024}
}

@Book{ditadura_2019,
    author = {Ayala Rodrigues Oliveira Pelegrine},
    title = {Das Utopias ao Autoritarismo: historiografia, memória e cultura},
    publisher = { Editora Milfontes},
    year = {2019},
    urlaccessdate = {23 abr 2024}
}

 @misc{ditaduraBR_2020, 
    title= {“Ato sem perdão”: justiça de transição, políticas de memória e reparação às mulheres vítimas de violência de gênero durante a ditadura militar brasileira}, 
    url={https://www.scielo.br/j/eh/a/yqG9ZmyFWjMHqrNjcGVYxSC/?format=pdf&lang=pt}, 
    author={Adrianna Setemy}, 
    year= {2020}, 
    month= {Maio},
    urlaccessdate = {23 abr 2024}
}

 @misc{15anosLMP_2022, 
    title= {Os 15 anos da Lei Maria da Penha}, 
    url={https://www.scielo.br/j/ref/a/BzPqkz9dj8zs9V39X8djsvK/?format=pdf&lang=pt}, 
    author={Teresa Kleba Lisboa, Luciana Patrícia Zucco}, 
    journal= {Revista Estudos Feministas},
    year= {2022}, 
    month= {Maio},
    urlaccessdate = {23 abr 2024}
}

 @misc{LMPavanços_2016, 
    title= {LEI MARIA DA PENHA: AVANÇOS E DESAFIOS}, 
    url={http://repositorio.asces.edu.br/bitstream/123456789/304/1/MONOGRAFIA%20-%20JULLYANNA.pdf}, 
    author={JULLYANNA AGNE MOTA}, 
    journal= {Associação caruaruense de ensino superior e técnico - ASCES},
    year= {2016}, 
    urlaccessdate = {23 abr 2024}
}

@misc{mulhermidia_2018, 
    title= {A mulher na mídia: a relação entre violência simbólica de gênero e o mito da beleza no contexto da responsabilidade simbólica }, 
    url={https://anais.uel.br/portal/index.php/SGPP/article/view/1031}, 
    author={Beatriz Molari},
    year= {2018},
    month= {Jun},
    urlaccessdate = {23 abr 2024}
}
 
%------------------------- JUSTIFICATIVA
 @misc{senadoBR_2021, 
    title= {Comparativo Nacional de Violência contra a Mulher}, 
    url= {https://www.senado.leg.br/institucional/datasenado/relatorio_online/pesquisa_violencia_domestica/2024/interativo.html#metodo}, 
    journal= {Pesquisa Nacional de Violênica Contra a Mulher}, 
    author={Senado Federal - DataSenado}, 
    year= {2023}, 
    urlaccessdate = {23 abr 2024}
}

 @misc{senadoSP_2023, 
    title= {Pesquisa Estadual de Violência contra a Mulher – São Paulo}, 
    url={https://www.senado.leg.br/institucional/datasenado/relatorio_online/pesquisa_violencia_domestica/2024/PDF/saopaulo.pdf}, 
    author={São Paulo - DataSedado}, 
    year= {2024}, 
    month= {Fev},
    urlaccessdate = {23 abr 2024}
}

@misc{vulnerabilidadeCovid_2020, 
    title= {VIOLÊNCIA CONTRA A MULHER: VULNERABILIDADE PROGRAMÁTICA EM TEMPOS DE SARS-COV-2/ COVID-19 EM SÃO PAULO }, 
    url={https://www.scielo.br/j/psoc/a/Bqv5dn5fbL3LTrm3PGvJDzN/?format=pdf&lang=pt}, 
    author={Brisa Campos, Bruna Tchalekian, Vera Paiva},
    year= {2020},
    month= {Jul},
    urlaccessdate = {23 abr 2024}
}

@misc{saude_2009, 
    title= {Atenção integral à saúde de mulheres em situação de violência
de gênero – uma alternativa para a atenção primária em saúde}, 
    url={https://www.scielo.br/j/csc/a/SzQ96NCxv3hWNQ5TvBBSjTB/?format=pdf&lang=pt}, 
    author={Ana Flávia Pires Lucas d´Oliveira, Lilia Blima Schraiber, Heloisa Hanada, Julia Durand},
    year= {2009},
    month= {Abril},
    urlaccessdate = {23 abr 2024}
}

 @misc{cidadeSP_2021, 
    title= {São Paulo registra 24 mil atendimentos a mulheres vítimas de violência em 2020}, 
    url= {https://www.capital.sp.gov.br/noticia/sao-paulo-registra-24-mil-atendimentos-a-mulheres-vitimas-de-violencia-em-2020-1}, 
    journal= {Imprensa Nacional - Governo Federal - Brasil}, 
    author= {Cidade de São Paulo - Prefeitura}, 
    year= {2021}, 
    month= {Jan},
    urlaccessdate = {23 abr 2024}
}

@misc{IBGE, 
    title= {As Mulheres no Brasil}, 
    url={https://educa.ibge.gov.br/jovens/materias-especiais/22052-as-mulheres-do-brasil.html#:~:text=Em%20rela%C3%A7%C3%A3o%20%C3%A0%20faixa%20et%C3%A1ria,entre%2018%20e%2029%20anos.}, 
    author={IBGE},
    year= {2023},
    urlaccessdate = {22 jul 2024}
}

@misc{lei-covid, 
    title= {Violência contra a mulher é preocupante durante a pandemia}, 
    url={https://www.desenvolvimentosocial.sp.gov.br/violencia-contra-a-mulher-e-preocupante-durante-a-pandemia/},
    author={São Paulo - Governo do Estado},
    year= {2021},
    month= {Out},
    urlaccessdate = {22 jul 2024}
}

@misc{pandemia, 
    title= {Violência contra as mulheres nas ruas cai durante a pandemia, mas aumenta dentro de casa}, 
    url={https://www.camara.leg.br/noticias/797543-violencia-contra-as-mulheres-nas-ruas-cai-durante-a-pandemia-mas-aumenta-dentro-de-casa/},
    author={ Agência Câmara de Notícias - Najara Araujo},
    year= {2021},
    month= {Ago},
    urlaccessdate = {22 jul 2024}
}

@misc{relatorio, 
    title= { Violência contra a Mulher}, 
    url={https://assets-dossies-ipg-v2.nyc3.digitaloceanspaces.com/sites/3/2021/09/RELATORIO-JUSBarometroSP-Violenci-contra-a-Mulher-21-Set-2021.pdf}, 
    author={São Paulo - Barômetro da Justiça}, 
    year= {2021}, 
    month= {Set},
    urlaccessdate = {22 jul 2024}
}

@misc{violenciaemdados, 
    title= {Violência contra as mulheres em dados}, 
    url={https://dossies.agenciapatriciagalvao.org.br/violencia-em-dados/73-afirmam-o-medo-e-o-principal-motivo-de-mulheres-agredidas-ou-ameacadas-nao-buscarem-ajuda/},
    author={JUSBarômetroSP},
    year= {2021},
    month= {set},
    urlaccessdate = {22 jul 2024}
}

% @misc{mapa,
    title= {60% das mulheres não denunciam violência sofrida à polícia}, 
    url={https://www1.folha.uol.com.br/folha-social-mais/2023/11/60-das-mulheres-nao-denunciam-violencia-sofrida-a-policia.shtml/}, 
    author={Joseph Silva},
    year= {2023},
    month= {Nov},
    urlaccessdate = {22 jul 2024}
}

%-------------------------MATERIAIS E METODOS
@misc{reactnative, 
    title = {React Native · Learn once, write anywhere}, 
    url = {https://reactnative.dev/}, 
    author = {React Native}, 
    year = {2024}, 
    urlaccessdate = {20 abr 2024}
}

@misc{Navegação_RN/ER, 
    title={Navegação em Aplicativos React Native com Expo Router}, 
    url={https://blog.rocketseat.com.br/navegacao-em-aplicativos-react-native-com-expo-router/#:~:text=O Que é Expo Router,aplicações React Native e web](https://blog.rocketseat.com.br/navegacao-em-aplicativos-react-native-com-expo-router/#:~:text=O%20Que%20%C3%A9%20Expo%20Router,aplica%C3%A7%C3%B5es%20React%20Native%20e%20web}, 
    author={Paulo Clemente}, 
    year={2024}, 
    month={Mar},
    urlaccessdate = {20 abr 2024}
}

@misc{node.js, 
    title = {O que é Node.js? [Guia para iniciantes]}, 
    url = {https://tecnoblog.net/responde/o-que-e-node-js-guia-para-iniciantes/}, 
    author = {Diego Melo}, 
    year = {2023}, 
    urlaccessdate = {20 abr 2024}
}

@misc{Dialogflow, 
    title = {Google Dialogflow: saiba qual o seu potencial no atendimento ao cliente}, 
    url = {https://blog.leucotron.com.br/google-dialogflow/}, 
    author = {Leucotron}, 
    year = {2022}, 
    month={Jul},
    urlaccessdate = {20 abr 2024}
}

@misc{VS_Code, 
    title = {VS Code - O que é e por que você deve usar?}, 
    url = {https://www.treinaweb.com.br/blog/vs-code-o-que-e-e-por-que-voce-deve-usar}, 
    author = {Akira Hanashiro}, 
    year = {2021}, 
    month={mai},
    urlaccessdate = {20 abr 2024}
}

@misc{Discord, 
    title = {O que é o Discord?}, 
    url = {https://canaltech.com.br/software/o-que-e-o-discord/}, 
    author = {André Magalhães}, 
    year = {2023}, 
    month={jun},
    urlaccessdate = {20 abr 2024}
}

@misc{Overleaf_Latex, 
    title = {The secret to better scientific and technical writing}, 
    url = {https://pt.overleaf.com/about/why-latex}, 
    author = {Overleaf}, 
    year = {2024}, 
    urlaccessdate = {20 abr 2024}
}

@misc{GitHub, 
    title = {O que é GitHub: para que serve, como funciona e como utilizar}, 
    url = {https://ebaconline.com.br/blog/o-que-e-github}, 
    author = {Walter Lencina}, 
    year = {2023}, 
    month={jun},
    urlaccessdate = {20 abr 2024}
}

@misc{MariaBD, 
    title = {Sobre o Mariadb}, 
    url = {https://mariadb.com/kb/pt-br/sobre-o-mariadb/}, 
    author = {MariaDB}, 
    year = {2024},
    urlaccessdate = {20 abr 2024}
}

@misc{JS, 
    title = {O que é o JavaScript (JS)?}, 
    url = {https://aws.amazon.com/pt/what-is/javascript/}, 
    author = {AWS}, 
    year = {2023},
    urlaccessdate = {20 abr 2024}
}

@misc{Whats, 
    title = {Blog do WhatsApp}, 
    url = {https://blog.whatsapp.com/}, 
    author = {WhatsApp}, 
    year = {2024},
    urlaccessdate = {20 abr 2024}
}

@misc{Notion, 
    title = {Notion: o que é e como essa ferramenta pode ajudar sua empresa na prática?}, 
    url = {https://pluga.co/blog/notion-o-que-e/}, 
    author = {LUDMILA SILVA}, 
    year = {2022},
    month={jun},
    urlaccessdate = {20 abr 2024}
}

@misc{Bootstrap, 
    title = {Bootstrap: O que é, Documentação, como e quando usar}, 
    url = {https://www.alura.com.br/artigos/bootstrap}, 
    author = {Guilherme Lima}, 
    year = {2023},
    month={set},
    urlaccessdate = {20 abr 2024}
}
